% This file was created with JabRef 2.3.1.
% Encoding: Cp1252

@ARTICLE{Chhel2013,
  author = {Fabien Chhel and F. Lardeux and F. Saubion and B. Zanuttini},
  title = {Application du problème de caractérisation multiple à la conception de test de diagnostic pour la biologie végétale},
  journal = {Revue d'intelligence artificielle},
  year = {2013},
  volume = {27},
  pages = {1-20},
  number = {4-5}
}

@ARTICLE{Chhel2012,
  author = {Fabien Chhel and A. Goëffon and F. Lardeux and F. Saubion},
  title = {Caractérisation multiples minimales utilisant les formules booléennes partiellement définies},
  journal = {GDRI3IAF},
  year = {2012},
  volume = {},
  pages = {},
  number = {}
}

@INCOLLECTION{bailey2002fast,
  author = {Bailey, James and Manoukian, Thomas and Ramamohanarao, Kotagiri},
  title = {Fast algorithms for mining emerging patterns},
  booktitle = {Principles of Data Mining and Knowledge Discovery},
  publisher = {Springer},
  year = {2002},
  pages = {39--50}
}

@MISC{Boureau2012,
  author = {Tristan Boureau and Fabien Chhel and Gilles Hunault and Mohamed Kerkoud
	and Frédéric Lardeux and Charles Manceau and Stéphane Poussier and
	Frédéric Saubion},
  title = {Procédé de depistage de XANTHOMONAS AXONOPODIS PV. PHASEOLI},
  howpublished = {Brevet INRA Depose INPI : FR 2970480 (A1)},
  year = {2012}
}

@ARTICLE{Boureau2013,
  author = {Tristan Boureau and M. Kerkoud and F. Chhel and G. Hunault and A.
	Darrasse and C. Brin and K. Durand and A. Hajri and S. Poussier and
	C. Manceau and F. Lardeux and F. Saubion and M.A. Jacques},
  title = {A {multiplex-PCR} assay for identification of the quarantine plant
	pathogen {X}anthomonas axonopodis pv. phaseoli},
  journal = {Journal of Microbiological Methods},
  year = {2013},
  volume = {92},
  pages = {42-50},
  number = {1}
}

@INPROCEEDINGS{sac12,
  author = {Fabien Chhel and Frédéric Lardeux and Adrien Go{\"e}ffon and Frédéric
	Saubion},
  title = {Minimum multiple characterization of biological data using partially
	defined boolean formulas},
  booktitle = {{SAC}},
  year = {2012},
  pages = {1399-1405},
  publisher = {ACM}
}

@BOOK{creignou2001complexity,
  title = {Complexity Classifications of Boolean Constraint Satisfaction Problems},
  publisher = {SIAM},
  year = {2001},
  author = {Creignou, N. and Madhu Sudan, N.C.S.K. and Sudan, M.},
  series = {Monographs on Discrete Mathematics and Applications}
}

@INCOLLECTION{Sub,
  author = {Darras, S. and Dequen, G. and Devendeville, L. and Mazure, B. and
	Ostrowski, R. and Saïs, L.},
  title = {Using Boolean Constraint Propagation for Sub-clauses Deduction},
  booktitle = {Principles and Practice of Constraint Programming},
  publisher = {Springer},
  year = {2005},
  volume = {3709},
  series = {Lecture Notes in Computer Science},
  pages = {757-761}
}

@ARTICLE{DesVer81,
  author = {P. Descamps and M. V\'{e}ron},
  title = {Une m\'{e}thode de choix des caract\`{e}res d'identification bas\'{e}e
	sur le th\'{e}or\`{e}me de Bayes et la mesure de l'information.},
  journal = {Annal Microbiologie (Paris)},
  year = {1981},
  volume = {132B},
  page = {157-170}
}

@BOOK{PC,
  title = {Parameterized complexity},
  publisher = {Monographs in Computer Science, Springer-Verlag},
  year = {1997},
  author = {Rodney G. Downey and Michael R. Fellows}
}

@ARTICLE{DowneyF95,
  author = {Rodney G. Downey and Michael R. Fellows},
  title = {Fixed-{P}arameter {T}ractability and Completeness {I}: Basic Results},
  journal = {SIAM Journal on Computing},
  year = {1995},
  volume = {24},
  pages = {873-921},
  number = {4}
}

@INPROCEEDINGS{Gavalda2009,
  author = {Ricard Gavald{\`a} and Denis Thérien},
  title = {An Algebraic Perspective on {B}oolean Function Learning},
  booktitle = {Algorithmic Learning Theory},
  year = {2009},
  volume = {5809},
  series = {Lecture Notes in Computer Science},
  pages = {201-215},
  publisher = {Springer}
}

@BOOK{Glover1997,
  title = {Tabu Search},
  publisher = {Kluwer Academic Publishers},
  year = {1997},
  author = {Glover, Fred and Laguna, Manuel}
}

@ARTICLE{GuyonE03,
  author = {Isabelle Guyon and André Elisseeff},
  title = {An Introduction to Variable and Feature Selection},
  journal = {Journal of Machine Learning Research},
  year = {2003},
  volume = {3},
  pages = {1157-1182}
}

@ARTICLE{plos,
  author = {Ahmed Hajri and Chrystelle Brin and Gilles Hunault and Frédéric Lardeux
	and Christophe Lemaire and Charles Manceau and Tristan Boureau and
	Stéphane Poussier},
  title = {A Repertoire for Repertoire Hypothesis: Repertoires of Type Three
	Effectors are Candidate Determinants of Host Specificity in Xanthomonas},
  journal = {PLoS ONE},
  year = {2009},
  volume = {4},
  number = {8},
  publisher = {Public Library of Science}
}

@ARTICLE{Hellerstein2007,
  author = {Lisa Hellerstein and Rocco A. Servedio},
  title = {On {PAC} learning algorithms for rich {B}oolean function classes},
  journal = {Theory and Applications of Models of Computation},
  year = {2007},
  volume = {384},
  pages = {66-76},
  number = {1}
}

@BOOK{Hoos2004,
  title = {Stochastic {L}ocal {S}earch: Foundations \& Applications},
  publisher = {Morgan Kaufmann Publishers Inc.},
  year = {2004},
  author = {Hoos, Holger and Stützle, Thomas}
}

@ARTICLE{Iba99,
  author = {Kazuhisa Makino and Ken-ichi Hatanaka and Toshihide Ibaraki},
  title = {Horn Extensions of a Partially Defined {B}oolean Function},
  journal = {SIAM Journal on Computing},
  year = {1999},
  volume = {28},
  pages = {2168-2186},
  number = {6}
}

@ARTICLE{McC56,
  author = {E.J. McCluskey},
  title = {Minimization of {B}oolean Functions},
  journal = {Bell System Technical Journal},
  year = {1956},
  volume = {35},
  pages = {1417-1444}
}

@ARTICLE{Meyer2003,
  author = {David Meyer and Friedrich Leisch and Kurt Hornik},
  title = {The support vector machine under test},
  journal = {Neurocomputing},
  year = {2003},
  volume = {55},
  pages = {169-186},
  number = {1-2}
}

@INPROCEEDINGS{Natarajan1987,
  author = {B. K. Natarajan},
  title = {On Learning {B}oolean Functions},
  booktitle = {Proceedings of the Nineteenth Annual ACM Symposium on Theory of Computing},
  year = {1987},
  pages = {296-304},
  publisher = {ACM}
}

@ARTICLE{PapadimitriouY91,
  author = {Christos H. Papadimitriou and Mihalis Yannakakis},
  title = {Optimization, {A}pproximation, and {C}omplexity {C}lasses},
  journal = {Journal of Computer and System Sciences},
  year = {1991},
  volume = {43},
  pages = {425-440},
  number = {3}
}

@ARTICLE{Pensa,
  author = {Pensa, Ruggero G. and Robardet, C{\'e}line and Boulicaut, Jean-Fran\c{c}ois},
  title = {Supporting bi-cluster interpretation in 0/1 data by means of local
	patterns},
  journal = {Intelligent Data Analysis},
  year = {2006},
  volume = {10},
  pages = {457--472},
  number = {5},
  numpages = {16},
  publisher = {IOS Press}
}

@ARTICLE{Quinlan1990,
  author = {J. Ross Quinlan},
  title = {Learning Logical Definitions from Relations},
  journal = {Machine Learning},
  year = {1990},
  volume = {5},
  pages = {239-266}
}

@ARTICLE{Schaad2005,
  author = { N.W. Schaad and E. Postnikova and G.H. Lacy and A. Sechler and I.
	Agarkova and P.E. Stromberg and V.K. Stromberg and A.K. Vidaver},
  title = {Reclassification of Xanthomonas campestris pv. citri (ex Hasse 1915)
	Dye 1978 forms A, B/C/D, and E as X. smithii subsp. citri (ex Hasse)
	sp. nov. nom. rev. comb. nov., X. fuscans subsp. aurantifolii (ex
	Gabriel 1989) sp. nov. nom. rev. comb. nov., and X. alfalfae subsp.
	citrumelo (ex Riker and Jones) Gabriel et al., 1989 sp. nov. nom.
	rev. comb. nov.; X. campestris pv malvacearum (ex smith 1901) Dye
	1978 as X. smithii subsp. smithii nov. comb. nov. nom. nov.; X. campestris
	pv. alfalfae (ex Riker and Jones, 1935) dye 1978 as X. alfalfae subsp.
	alfalfae (ex Riker et al., 1935) sp. nov. nom. rev.; and "var. fuscans"
	of X. campestris pv. phaseoli (ex Smith, 1987) Dye 1978 as X. fuscans
	subsp. fuscans sp. nov.},
  journal = {Systematic Applied Microbiology},
  year = {2005},
  volume = {28},
  pages = {494-518},
  number = {6}
}

@ARTICLE{Umans2001,
  author = {Christopher Umans},
  title = {The Minimum Equivalent {DNF} Problem and Shortest Implicants},
  journal = {Journal of Computer and System Sciences},
  year = {2001},
  volume = {63},
  pages = {597-611},
  number = {4}
}

@ARTICLE{Valiant1984,
  author = {Valiant, L. G.},
  title = {A theory of the learnable},
  journal = {Communications of the ACM},
  year = {1984},
  volume = {27},
  pages = {1134--1142},
  number = {11},
  publisher = {ACM}
}

@ARTICLE{Vauterin1995,
  author = {L. Vauterin and B. Hoste and K. Kersters and J. Swings},
  title = {Reclassification of {X}anthomonas},
  journal = {International Journal of Systematic and Evolutionary Microbiology},
  year = {1995},
  volume = {45},
  pages = {472-489}
}

